% Encoding: UTF-8

@Misc{HealthLine,
  author = {HealthLine},
  note   = {https://www.healthline.com/health/human-eye-fps},
  title  = {How many FPS can the human eye see?},
}

@Unpublished{HernandezMolinero,
  author = {Hernandez Molinero, Luis Daniel},
  title  = {Compresion de Video},
}

@Booklet{AbuAlSaud,
  title  = {Sampling And Pulse Code Mod. DPCM},
  author = {Abu-Al-Saud, Wajih},
}

@Book{Woods2011,
  author    = {Woods, John W.},
  publisher = {ACADEMIC PR INC},
  title     = {Multidimensional Signal, Image, and Video Processing and Coding},
  year      = {2011},
  isbn      = {0123814200},
  month     = jun,
  ean       = {9780123814203},
  pagetotal = {595},
  url       = {https://www.ebook.de/de/product/14765272/john_w_woods_multidimensional_signal_image_and_video_processing_and_coding.html},
}

@Comment{jabref-meta: databaseType:bibtex;}
