% Encoding: UTF-8

@Book{Wojtaszczyk2003,
  author    = {Wojtaszczyk, P.},
  publisher = {Cambridge University Press},
  title     = {A Mathematical Introduction to Wavelets},
  year      = {2003},
  isbn      = {0521578949},
  month     = mar,
  ean       = {9780521578943},
  pagetotal = {276},
  url       = {https://www.ebook.de/de/product/4286114/p_wojtaszczyk_a_mathematical_introduction_to_wavelets.html},
}

@Book{Bachmann2002,
  author    = {Bachmann, George and Beckenstein, Edward and Narici, Lawrence},
  publisher = {Springer New York},
  title     = {Fourier and Wavelet Analysis},
  year      = {2002},
  isbn      = {0387988998},
  month     = apr,
  ean       = {9780387988993},
  pagetotal = {520},
  url       = {https://www.ebook.de/de/product/3795643/george_bachmann_edward_beckenstein_lawrence_narici_fourier_and_wavelet_analysis.html},
}

@Book{Bultheel2015,
  author = {Bultheel, Adhemar and Huybrechs, Daan},
  title  = {Wavelets with applications in signal and image processing},
  year   = {2015},
  month  = {01},
}

@Article{Shapiro1993,
  author    = {J.M. Shapiro},
  title     = {Embedded image coding using zerotrees of wavelet coefficients},
  year      = {1993},
  number    = {12},
  pages     = {3445--3462},
  volume    = {41},
  doi       = {10.1109/78.258085},
  publisher = {Institute of Electrical and Electronics Engineers ({IEEE})},
}

@Comment{jabref-meta: databaseType:bibtex;}
